@article{kruse2017cybersecurity,
	title={Cybersecurity in healthcare: A systematic review of modern threats and trends},
	author={Kruse, Clemens Scott and Frederick, Benjamin and Jacobson, Taylor and Monticone, D Kyle},
	journal={Technology and Health Care},
	volume={25},
	number={1},
	pages={1--10},
	year={2017},
	publisher={IOS Press},
	doi={10.3233/THC-161263},
	pmid={27689562}
}

@online{uksh2024crowdstrike,
	organization = {{Universitätsklinikum Schleswig-Holstein}},
	title = {Globaler IT-Ausfall trifft Cyber\-security-Firma Crowdstrike, auch das UKSH ist betroffen},
	date = {2024-07-19},
	url = {https://www.uksh.de/Das+UKSH/UKSH_News/Pressemitteilungen/2024/Globaler+IT_Ausfall+trifft+Cybersecurity_Firma+Crowdstrike_+auch+das+UKSH+ist+betroffen-p-218131.html},
	urldate = {2025-08-26}
}


@article{george2024trust,
	title={When Trust Fails: Examining Systemic Risk in the Digital Economy from the 2024 CrowdStrike Outage},
	author={George, A. Shaji},
	journal={Partners Universal Multidisciplinary Research Journal (PUMRJ)},
	volume={1},
	number={2},
	pages={134--152},
	year={2024},
	doi={10.5281/zenodo.12828222}
}

@inproceedings{mcconnell2024heuristics,
	author    = {McConnell, John and Levy, Yair and Snyder, Marti and Wang, Ling},
	title     = {The Role of Heuristics and Biases in Linux Server Administrators’ Information Security Policy Compliance at Healthcare Organizations},
	booktitle = {Proceedings of the 10th International Conference on Information Systems Security and Privacy (ICISSP 2024)},
	pages     = {30--41},
	year      = {2024},
	publisher = {SCITEPRESS},
	doi       = {10.5220/0012297000003648}
}

@book{anderson2020security,
	title={Security engineering: a guide to building dependable distributed systems},
	author={Anderson, Ross J.},
	year={2020},
	edition={3},
	publisher={Wiley Publishing},
	isbn={978-1-119-64278-7}
}

@techreport{ccpl2024concentrationrisk,
	author = {Schwartz, Ari and Banghart, John and McGiff, Tim},
	title = {Addressing Concentration Risk in Federal IT: A Center for Cybersecurity Policy and Law Tabletop Exercise After-Action Report},
	institution = {Center for Cybersecurity Policy and Law},
	year = {2024},
	month = {6},
	url = {https://cdn.prod.website-files.com/660ab0cd271a25abeb800453/665a2c34ecb3eb73916dd380_CCPL_ITConventrationRisk.pdf}
}


@book{pohlmann2022itsicherheit,
	title={Cyber-Sicherheit},
	subtitle={Das Lehrbuch für Konzepte, Prinzipien, Mechanismen, Architekturen und Eigenschaften von Cyber-Sicherheits\-systemen in der Digitalisierung},
	author={Pohlmann, Norbert},
	edition={2},
	year={2022},
	publisher={Springer Vieweg},
	isbn={978-3-658-36243-0},
	doi={https://doi.org/10.1007/978-3-658-36243-0}
}


@techreport{mcglave2024hacked,
	author = {McGlave, Claire C. and Neprash, Hannah T. and Nikpay, Sayeh S.},
	title = {Hacked to Pieces? The Effects of Ransomware Attacks on Hospitals and Patients},
	institution = {University of Minnesota},
	year = {2024},
	note = {Research supported by the NIHCM Foundation},
	url = {https://business.depaul.edu/academics/economics/news-and-events/Documents/Ransomware_Manuscript.pdf}
}

@techreport{bsi2022upkritis,
	organization = {{UP KRITIS}},
	title = {Empfehlungen zu Entwicklung und Bereitstellung von in Kritischen Infrastrukturen eingesetzten Produkten},
	institution = {Bundesamt für Sicherheit in der Informationstechnik},
	date={2022-12-01},
	version = {2.0},
	url = {https://www.bsi.bund.de/SharedDocs/Downloads/DE/BSI/KRITIS/UPK/upk-entwicklung-einsatz-produkte.pdf},
}

@book{proehl2022kerberos,
	title={Kerberos},
	subtitle={Single Sign-on in gemischten Linux/Windows-Umgebungen},
	author={Pröhl, Mark and Kobras, Daniel},
	edition={2},
	year={2022},
	publisher={dpunkt.verlag},
	isbn={978-3-86490-714-2}
}

@article{opara-martins2016critical,
	title={Critical analysis of vendor lock-in and its impact on cloud computing migration: a business perspective},
	author={Opara-Martins, Justice and Sahandi, Reza and Tian, Feng},
	journal={Journal of Cloud Computing},
	volume={5},
	number={1},
	year={2016},
	publisher={Springer},
	doi={10.1186/s13677-016-0054-z}
}

@online{scherf2017integrating,
	title={Integrating Linux systems with Active Directory using Open Source Tools},
	author={Scherf, Thorsten},
	address={Berlin},
	year={2017},
	organization={Red Hat},
	url={https://www.heinlein-support.de/sites/default/files/media/documents/2021-12/slac2017_Integrating-Linux-Systems-With-Active-Directory-Using-OpenSource-Tools.pdf},
	urldate={2025-08-27}
}

@techreport{iso26514,
	title={Systems and software engineering},
	subtitle={Design and development of information for users},
	organization={{ISO/IEC/IEEE}},
	year={2022},
	month={1}
}

@article{lee2018ten,
	title={Ten simple rules for documenting scientific software},
	author={Lee, Benjamin D},
	journal={PLOS Computational Biology},
	volume={14},
	number={12},
	pages={e1006561},
	year={2018},
	publisher={Public Library of Science},
	doi={10.1371/journal.pcbi.1006561}
}

@inbook{smirnov2024ntlm,
	author = {Smirnov, Evgenij},
	title = {Engineering Authentication},
	booktitle = {Building Modern Active Directory: A Practical Guide to Designing and Implementing Secure, Scalable Solutions},
	chapter = {5},
	pages = {147--177},
	year = {2024},
	publisher = {Springer},
	isbn = {979-8-8688-0941-5},
	doi = {10.1007/979-8-8688-0941-5_5}
}


@InProceedings{declercq2002sso,
	author={De Clercq, Jan},
	editor={Davida, George and Frankel, Yair and Rees, Owen},
	title={Single Sign-On Architectures},
	booktitle={Infrastructure Security},
	year={2002},
	publisher={Springer},
	pages={40--58},
	isbn={978-3-540-45831-9}
}

@inproceedings{sabato2007analyzing,
	author = {Sabato, Sivan and Yom-Tov, Elad and Tsherniak, Aviad and Rosset, Saharon},
	title = {Analyzing system logs: a new view of what's important},
	year = {2007},
	publisher = {USENIX Association},
	numpages = {7},
	series = {SYSML'07}
}

@article{peerj2021monitoring,
	title = {Log-based software monitoring: a systematic mapping study},
	author = {Cândido, Jeanderson and Aniche, Maurício and van Deursen, Arie},
	journal={PeerJ Computer Science},
	volume={7},
	pages={e489},
	year={2021},
	doi={10.7717/peerj-cs.489}
}

@book{ludewig2023software,
	title={Software Engineering},
	subtitle={Grundlagen, Menschen, Prozesse, Techniken},
	author={Ludewig, Jochen and Lichter, Horst},
	edition={4},
	year={2023},
	publisher={dpunkt.verlag},
	isbn={978-3-86490-598-8}
}

@book{dresch2015design,
	title={Design Science Research},
	subtitle={A Method for Science and Technology Advancement},
	author={Dresch, Aline and Lacerda, Daniel Pacheco and Antunes Jr, José Antônio Valle},
	year={2015},
	publisher={Springer Cham},
	isbn={978-3-319-07374-3},
	doi={10.1007/978-3-319-07374-3}
}

@book{vombrocke2020cases,
	title={Design Science Research. Cases},
	author={vom Brocke, Jan and Hevner, Alan and Maedche, Alexander},
	year={2020},
	publisher={Springer Cham},
	isbn={978-3-030-46781-4},
	doi={10.1007/978-3-030-46781-4}
}

@book{ebert2022systematisches,
	title={Systematisches Requirements Engineering},
	subtitle={Anforderungen ermitteln, dokumentieren, analysieren und verwalten},
	author={Ebert, Christof},
	year={2022},
	edition={7},
	publisher={dpunkt. verlag},
	isbn={978-3-86490-919-1}
}

@book{opdenakker2025design,
	title={Design Science Methodology for the Management Sciences},
	subtitle={From Foundation to Practice},
	author={Opdenakker, Raymond and Cuijpers, Carin},
	year={2025},
	publisher={Springer Cham},
	isbn={978-3-031-84853-7},
	doi={10.1007/978-3-031-84853-7},
}

@inproceedings{muller2024framework,
	title={Toward a Framework for Determining Methods of Evaluation in Design Science Research},
	author={Müller, Julia and Würth, Stefanie and Schäffer, Thomas and Leyh, Christian},
	booktitle={Proceedings of the 19th Conference on Computer Science and Intelligence Systems (FedCSIS)},
	pages={231--236},
	year={2024},
	organization={ACSIS},
	volume={39},
	doi={10.15439/2024F7208}
}


@book{joos2022windowsserver,
	title = {Microsoft Windows Server 2022},
	subtitle = {Von der Planung und Migration bis zur Konfiguration und Verwaltung},
	author = {Joos, Thomas},
	year = {2022},
	publisher = {dpunkt.verlag},
	isbn = {978-3-96009-182-0}
}


@book{desmond2013activedirectory,
	title = {Active Directory},
	subtitle = {Designing, Deploying, and Running Active Directory},
	author = {Desmond, Brian and Richards, Joe and Allen, Robbie and Lowe-Norris, Alistair G.},
	edition = {5},
	year = {2013},
	publisher = {O'Reilly Media},
	isbn = {978-1-449-32002-7}
}


@book{francis2021mastering,
	title = {Mastering Active Directory},
	subtitle = {Design, deploy, and protect Active Directory Domain Services for Windows Server 2022},
	author = {Francis, Dishan},
	edition = {3},
	year = {2021},
	publisher = {Packt Publishing},
	isbn = {978-1-80107-039-3}
}

@book{cookbook2013activedirectory,
	title = {Active Directory Cookbook},
	subtitle = {Solutions for Administrators \& Developers},
	author = {Svidergol, Brian and Allen, Robbie},
	edition = {4},
	year = {2013},
	publisher = {O'Reilly Media},
	isbn = {978-1-449-36142-6}
}

@misc{rfc2251,
	series =    {Request for Comments},
	number =    {2251},
	howpublished =  {RFC 2251},
	publisher = {RFC Editor},
	doi =       {10.17487/RFC2251},
	author =    {Mark Wahl and Steve Kille and Tim Howes},
	title =     {{Lightweight Directory Access Protocol (v3)}},
	year =      {1997},
	month =     {12}
}

@misc{rfc2253,
	series =    {Request for Comments},
	number =    {2253},
	howpublished =  {RFC 2253},
	publisher = {RFC Editor},
	doi =       {10.17487/RFC2253},
	author =    {Mark Wahl and Steve Kille and Tim Howes},
	title =     {{Lightweight Directory Access Protocol (v3): UTF-8 String Representation of Distinguished Names}},
	year =      {1997},
	month =     {12}
}

@misc{rfc2317,
	series =    {Request for Comments},
	number =    {2317},
	howpublished =  {RFC 2317},
	publisher = {RFC Editor},
	doi =       {10.17487/RFC2317},
	author =    {Havard Eidnes and Paul A. Vixie and Geert Jan de Groot},
	title =     {{Classless IN-ADDR.ARPA delegation}},
	year =      {1998},
	month =     {3},
}

@misc{rfc4120,
	series =    {Request for Comments},
	number =    {4120},
	howpublished =  {RFC 4120},
	publisher = {RFC Editor},
	doi =       {10.17487/RFC4120},
	author =    {Clifford Neuman and Sam Hartman and Kenneth Raeburn and Taylor Yu},
	title =     {{The Kerberos Network Authentication Service (V5)}},
	year =      {2005},
	month =     {7},
}

@misc{rfc1510,
	series =    {Request for Comments},
	number =    {1510},
	howpublished =  {RFC 1510},
	publisher = {RFC Editor},
	doi =       {10.17487/RFC1510},
	author =    {Clifford Neuman},
	title =     {{The Kerberos Network Authentication Service (V5)}},
	year =      {1993},
	month =     {9},
}

@techreport{rfc1777,
	author = {W. Yeong and T. Howes and S. Kille},
	title = {RFC 1777: Lightweight Directory Access Protocol},
	institution = {Internet Engineering Task Force},
	year = {1995},
	month = {3},
	type = {RFC},
	number = {1777},
	url = {https://datatracker.ietf.org/doc/html/rfc1777},
	note = {Standards Track}
}

@techreport{rfc4513,
	author = {R. Harrison},
	title = {Lightweight Directory Access Protocol (LDAP): Authentication Methods and Security Mechanisms},
	institution = {Internet Engineering Task Force},
	year = {2006},
	month = {6},
	type = {RFC},
	number = {4513},
	url = {https://datatracker.ietf.org/doc/html/rfc4513},
	note = {Standards Track}
}


@techreport{rfc4515,
	author = {M. Smith and T. Howes},
	title = {RFC 4515: Lightweight Directory Access Protocol (LDAP): String Representation of Search Filters},
	institution = {Internet Engineering Task Force},
	year = {2006},
	month = {6},
	type = {RFC},
	number = {4515},
	url = {https://datatracker.ietf.org/doc/html/rfc4515},
	note = {Standards Track}
}

@book{kouti2004inside,
	title={Inside Active Directory},
	subtitle={A System Administrator's Guide},
	author={Kouti, Sakari and Seitsonen, Mika},
	edition={2},
	year={2004},
	publisher={Pearson Education},
	isbn={0-321-22848-0},
}

@book{manning2008activedirectory,
	title={Active Directory For Dummies},
	author={Clines, Steve and Loughry, Marcia},
	edition={2},
	year={2008},
	publisher={Wiley Publishing},
	isbn={978-0-470-28720-0},
}

@book{garman2003kerberos,
	title={Kerberos},
	subtitle={The Definitive Guide},
	author={Garman, Jason},
	year={2003},
	publisher={O'Reilly \& Associates},
	isbn={978-0-596-00403-3}
}

@online{ms-nlmp,
	title        = {3.3.2 NTLM v2 Authentication},
	date         = {2022-04-27},
	url          = {https://learn.microsoft.com/en-us/openspecs/windows_protocols/ms-nlmp/5e550938-91d4-459f-b67d-75d70009e3f3},
	urldate      = {2025-08-27},
	organization = {Microsoft Learn},
}

@online{ms-ad-accesscontrol,
	title        = {Funktionsweise von Access Control in Active Directory Domain Services},
	date         = {2020-08-17},
	url          = {https://learn.microsoft.com/de-de/windows/win32/ad/how-access-control-works-in-active-directory-domain-services},
	urldate      = {2025-08-27},
	organization = {Microsoft Learn},
}

@online{ms-cifs,
	title = {[MS-CIFS]: Common Internet File System (CIFS) Protocol},
	organization = {Microsoft Learn},
	date = {2025-01-13},
	urldate = {2025-08-27},
	url = {https://learn.microsoft.com/en-us/openspecs/windows_protocols/ms-cifs/d416ff7c-c536-406e-a951-4f04b2fd1d2b}
}

@online{ms-smb,
	title = {[MS-SMB]: Server Message Block (SMB) Protocol},
	organization = {Microsoft Learn},
	date = {2025-02-07},
	urldate = {2025-08-27},
	url = {https://learn.microsoft.com/en-us/openspecs/windows_protocols/ms-smb/f210069c-7086-4dc2-885e-861d837df688}
}

@online{ms-smb2,
	title = {[MS-SMB2]: Server Message Block (SMB) Protocol Versions 2 and 3},
	organization = {Microsoft Learn},
	date = {2024-07-03},
	urldate = {2025-08-27},
	url = {https://learn.microsoft.com/en-us/openspecs/windows_protocols/ms-smb2/5606ad47-5ee0-437a-817e-70c366052962}
}

@online{bhandari2014analysis,
	author = {Bhandari, Randhir and Kumar, Nagesh and Sharma, Sachin},
	title  = {Analysis of Windows Authentication Protocols: NTLM and Kerberos},
	date   = {2014-03},
	doi    = {10.13140/2.1.2087.5528}
}


@inproceedings{moric2024penetration,
	author    = {Moric, Zlatan and Dakic, Vedran and Redzepagic, Jasmin and Otocan, Filip},
	title     = {Penetration testing and exploitation of Active Directory configuration vulnerabilities},
	booktitle = {2024 4th Intelligent Cybersecurity Conference (ICSC)},
	year      = {2024},
	pages     = {118-126},
	doi       = {10.1109/ICSC63108.2024.10895772},
	publisher = {IEEE}
}

@book{krause2018mastering,
	title     = {Mastering Windows Group Policy},
	subtitle  = {Control and secure your Active Directory environment with Group Policy},
	author    = {Krause, Jordan},
	year      = {2018},
	publisher = {Packt Publishing},
	isbn      = {978-1-78934-739-5}
}


@book{dauti2025windows,
	title     = {Windows Server 2025 Administration Fundamentals: A beginner's guide to managing and administering Windows Server environments},
	author    = {Dauti, Bekim},
	edition   = {4},
	year      = {2025},
	publisher = {Packt Publishing},
	isbn      = {978-1-83620-501-2},
	note      = {Fourth Edition}
}

@techreport{ieee9945:2013,
	title      = {Information technology — Portable Operating System Interface (POSIX\textsuperscript{\textregistered}) Base Specifications, Issue 7 — Technical Corrigendum 1},
	type       = {Technical Corrigendum},
	number     = {ISO/IEC/IEEE 9945:2009/Cor.1:2013(E)},
	institution= {International Organization for Standardization (ISO); International Electrotechnical Commission (IEC); IEEE; The Open Group},
	date       = {2013-08-15},
	isbn       = {978-0-7381-8265-0}
}


@manual{fsf2021libc,
	title = {The GNU C Library Reference Manual},
	organization = {GNU Project},
	year = {2021},
	edition = {For version 2.34},
	note = {Chapter 29: System Databases and Name Service Switch},
	url = {https://www.gnu.org/software/libc/manual/pdf/libc.pdf},
	pages = {849--858}
}

@techreport{rfc86pam,
	title = {Pluggable Authentication Modules (PAM)},
	organization = {Sun Microsystems},
	institution = {Open Software Foundation},
	year = {1995},
	month = {10},
	type = {OSF RFC},
	number = {86.0},
	url = {http://www.opengroup.org/rfc/rfc86.0.html}
}

@book{nemeth2017unix,
	title={UNIX and Linux System Administration Handbook},
	author={Nemeth, Evi and Snyder, Garth and Hein, Trent R. and Whaley, Ben and Mackin, Dan},
	edition={5},
	year={2017},
	publisher={Pearson Education},
	isbn={978-0-13-427755-4}
}



@book{eckstein2007samba,
	title = {Using Samba},
	author = {Eckstein, Robert and Collier-Brown, David and Kelly, Peter},
	edition = {3},
	year = {2007},
	publisher = {O'Reilly Media},
	isbn = {978-0-596-00769-0}
}

@article{konkol2019,
	author = {Konkol, Markus and Kray, Christian},
	title = {In-depth examination of spatiotemporal figures in open reproducible research},
	journal = {Cartography and Geographic Information Science},
	volume = {46},
	number = {5},
	pages = {412--427},
	year = {2019},
	publisher = {Taylor \& Francis},
	doi = {10.1080/15230406.2018.1512421},
}

@techreport{NIST_CSF_2024,
	author = {National Institute of Standards and Technology},
	title = {The NIST Cybersecurity Framework (CSF) 2.0},
	institution = {National Institute of Standards and Technology},
	year = {2024},
	month = {2},
	number = {NIST CSWP 29},
	doi = {10.6028/NIST.CSWP.29},
	url = {https://doi.org/10.6028/NIST.CSWP.29},
	address = {Gaithersburg, MD},
	note = {Accessed: 2025-08-01}
}

@article{SpringerSecurity2024,
	title = {Auswirkungen von NIS-2 für das Management von Unternehmen},
	author = {Barenkamp, Marco},
	journal = {Wirtschaftsinformatik \& Management 2024},
	volume = {16},
	number = {2},
	pages = {70--78},
	year = {2024},
	doi = {10.1365/s35764-024-00518-1}
}

@article{Kipker_Dittrich_NIS2_2023,
	author = {Kipker, Dennis-Kenji and Dittrich, Tilmann},
	title = {Rolle der Kritischen Infrastrukturen nach dem neuen NIS-2-Umsetzungs- und Cybersicherheitsstärkungsgesetz},
	subtitle = {Nationale Besonderheiten und europäische Überformung},
	journal = {MultiMedia und Recht},
	volume = {26},
	number = {7},
	pages = {481--487},
	year = {2023},
	publisher = {C.H. Beck},
	url = {https://intrapol.org/wp-content/uploads/2023/07/Kipker_Dittrich_NIS2UmsuCG_MMR_7-2023.pdf}
}

@book{klenk2020handbuch,
	title={Handbuch Digitalisierung in Staat und Verwaltung},
	editor={Tanja Klenk and Frank Nullmeier and Göttrik Wewer},
	year={2020},
	publisher={Springer VS},
	address={Wiesbaden},
	isbn={978-3-658-23668-7},
	doi={10.1007/978-3-658-23668-7}
}

@book{Lechner2018KRITIS,
	editor = {Lechner, Ulrike and Dännart, Sebastian and Rieb, Andreas and Rudel, Steffi},
	title = {CASE KRITIS},
	subtitle = {Fallstudien zur IT-Sicherheit in Kritischen Infrastrukturen},
	publisher = {Logos Verlag Berlin},
	year = {2018},
	isbn = {978-3-8325-4727-1},
	doi = {10.30819/4727}
}

@book{Leps2018hybrid,
	author    = {Leps, Olof},
	title     = {Hybride Testumgebungen für Kritische Infrastrukturen:
	Effiziente Implementierung für IT-Sicherheitsanalysen von KRITIS-Betreibern},
	publisher = {Springer Vieweg},
	address   = {Wiesbaden},
	year      = {2018},
	isbn      = {978-3-658-22614-5},
	doi       = {10.1007/978-3-658-22614-5},
	language  = {german}
}

@article{Lang2022bitterfeld,
	author = {Lang, Tobias},
	title = {Damit der Cyber-Katastrophenfall nicht zum Normalfall wird, müssen wir kritische Infrastrukturen besser schützen – die Lektionen aus dem Fall Bitterfeld},
	journal = {Wirtschaftsinformatik \& Management},
	date = {2022-02-01},
	volume = {14},
	number = {1},
	pages = {27--28},
	doi = {10.1365/s35764-021-00384-1}
}

@inbook{serror2024kritis,
	author = {Serror, Martin},
	title = {Cybersicherheit für kritische Infrastrukturen (KRITIS)},
	booktitle = {IT-Sicherheit},
	editor = {Lang, Michael and Löhr, Hans},
	publisher = {Carl Hanser Verlag GmbH \& Co. KG},
	year = {2024},
	chapter = {16},
	pages = {363--392},
	edition = {2},
	doi = {10.3139/9783446481169.016}
}

@book{Hellmann2022itsicherheit,
	author = {Hellmann, Roland},
	title = {IT-Sicherheit: Methoden und Schutzmaßnahmen für sichere Cybersysteme},
	publisher = {De Gruyter Oldenbourg},
	year = {2022},
	isbn = {978-3-11-076718-6},
	doi = {10.1515/9783110767186},
	url = {https://doi.org/10.1515/9783110767186},
	language = {german}
}

@book{Eckert2018itsicherheit,
	author = {Eckert, Claudia},
	title = {IT-Sicherheit: Konzepte -- Verfahren -- Protokolle},
	publisher = {De Gruyter Oldenbourg},
	year = {2018},
	edition = {10},
	isbn = {978-3-11-056390-0},
	doi = {10.1515/9783110563900},
	url = {https://doi.org/10.1515/9783110563900},
	language = {german}
}

@article{Albayyali2025kerberoasting,
	author = {Albayyali, Waad and Belghith, Aymen},
	title = {Strengthening Active Directory Security: Detecting and Mitigating Kerberoasting Attacks},
	journal = {Computer},
	year = {2025},
	volume = {58},
	number = {2},
	pages = {52--62},
	doi = {10.1109/MC.2024.3434535}
}

@online{Microsoft2025lateralmovement,
	organization = {Microsoft Learn},
	title = {Verstehen und Untersuchen von Lateral Movement-Pfaden (Lateral Movement Paths, LMPs) mit Microsoft Defender for Identity},
	date = {2024-12-31},
	url = {https://learn.microsoft.com/de-de/defender-for-identity/understand-lateral-movement-paths},
	urldate = {2025-08-27}
}

@inproceedings{VivianFelicite2024pth,
	author = {Vivian Felicite, Jacques Gerald and Ayala-Rivera, Vanessa and Portillo-Dominguez, A. Omar},
	title = {Detecting Pass-the-Hash Attack in a Microsoft Active Directory Environment using an Open-Source Approach},
	booktitle = {2024 12th International Conference in Software Engineering Research and Innovation (CONISOFT)},
	year = {2024},
	pages = {175--184},
	doi = {10.1109/CONISOFT63288.2024.00031}
}

@book{Stolzenberg2021changemanagement,
	author = {Stolzenberg, Kerstin and Heberle, Krischan},
	title = {Change Management},
	subtitle = {Ver\-än\-der\-ungs\-prozesse erfolgreich gestalten -- Mitarbeiter mobilisieren. Vision, Kommunikation, Beteiligung, Qualifizierung},
	publisher = {Springer},
	year = {2021},
	edition = {4},
	isbn = {978-3-662-61895-0},
	doi = {10.1007/978-3-662-61895-0}
}

@book{Lauer2021changemanagement,
	author = {Lauer, Thomas},
	title = {Change Management},
	subtitle = {Fundamentals and Success Factors},
	publisher = {Springer},
	year = {2021},
	edition = {1},
	isbn = {978-3-662-62187-5},
	doi = {10.1007/978-3-662-62187-5}
}

@book{naumann2025kritis,
	author    = {Naumann, Jacqueline},
	title     = {KRITIS},
	subtitle  = {Anforderungen, Pflichten, Nachweisprüfung},
	year      = {2025},
	publisher = {Rheinwerk Verlag},
	isbn      = {978-3-8362-9758-5}
}

@book{oelmaier2023krisenfall,
	author = {Oelmaier, Florian and Knebelsberger, Uwe and Naefe, Arthur},
	title = {Krisenfall Ransomware},
	subtitle = {Strategien für Wiederaufbau, Forensik und Kommunikation},
	year = {2023},
	publisher = {Springer Vieweg},
	isbn = {978-3-658-41614-0},
	doi = {https://doi.org/10.1007/978-3-658-41614-0}
}

@book{lenhard2025datensicherheit,
	author = {Lenhard, Thomas H.},
	title = {Datensicherheit},
	subtitle = {Technische und organisatorische Schutzmaßnahmen gegen Datenverlust und Computerkriminalität},
	year = {2025},
	edition = {3},
	publisher = {Springer Vieweg},
	isbn = {978-3-658-46977-1},
	doi = {https://doi.org/10.1007/978-3-658-46977-1}
}

@online{ms-ws2022-req,
	title = {Hardwareanforderungen für Windows Server},
	organization = {Microsoft Learn},
	date = {2025-07-22},
	url = {https://learn.microsoft.com/de-de/windows-server/get-started/hardware-requirements?tabs=ram&pivots=windows-server-2022},
	urldate = {2025-08-27}
}

@online{ms-win11-req,
	title = {Windows 11-Systemanforderungen},
	organization = {Microsoft Support},
	url = {https://support.microsoft.com/de-de/windows/windows-11-systemanforderungen-86c11283-ea52-4782-9efd-7674389a7ba3},
	urldate = {2025-08-27}
}

@online{kde-install,
	title = {Install KDE Plasma on Linux},
	organization = {KDE Webmasters},
	url = {https://kde.org/linux/install/},
	urldate = {2025-08-27}
}

@techreport{bsi-kritis-konkret,
	organization = {Bundesamt für Sicherheit in der Informationstechnik},
	title       = {Konkretisierung der Anforderungen an die gemäß § 8a Absatz 1 und Absatz 1a BSIG umzusetzenden Maßnahmen},
	year        = {2024},
	url         = {https://www.bsi.bund.de/SharedDocs/Downloads/DE/BSI/KRITIS/Konkretisierung_Anforderungen_Massnahmen_KRITIS.pdf?__blob=publicationFile&v=3},
	urldate     = {2025-08-27}
}

@online{ms-ad-capacity,
	organization = {Microsoft Learn},
	title        = {Kapazitätsplanung für Active Directory Domain Services},
	date         = {2025-08-15},
	url          = {https://learn.microsoft.com/en-us/windows-server/administration/performance-tuning/role/active-directory-server/capacity-planning-for-active-directory-domain-services},
	urldate      = {2025-08-27}
}

@online{ms-ad-install,
	organization = {Microsoft Learn},
	title        = {Installieren von Active Directory Domain Services},
	date         = {2025-08-16},
	url          = {https://learn.microsoft.com/de-de/windows-server/identity/ad-ds/deploy/install-active-directory-domain-services--level-100-},
	urldate      = {2025-08-27}
}

@online{ms-dns-manage-zones,
	organization = {Microsoft Learn},
	title        = {Verwalten von DNS-Zonen mithilfe des DNS-Servers in Windows Server},
	date         = {2025-08-15},
	url          = {https://learn.microsoft.com/de-de/windows-server/networking/dns/manage-dns-zones?tabs=powershell},
	urldate      = {2025-08-27}
}

@online{ms-ad-logical-model,
	organization = {Microsoft Learn},
	title        = {Grundlegendes zum logischen Active Directory-Modell},
	date         = {2025-05-12},
	url          = {https://learn.microsoft.com/de-de/windows-server/identity/ad-ds/plan/understanding-the-active-directory-logical-model},
	urldate      = {2025-08-27}
}

@online{ms-ad-design-structure,
	organization = {Microsoft Learn},
	title        = {Entwerfen der logischen Struktur},
	date         = {2025-07-30},
	url          = {https://learn.microsoft.com/de-de/windows-server/identity/ad-ds/plan/designing-the-logical-structure?source=recommendations},
	urldate      = {2025-08-27}
}

@online{ms-disk-management,
	organization = {Microsoft Learn},
	title        = {Datenträgerverwaltung: Übersicht},
	date         = {2025-08-16},
	url          = {https://learn.microsoft.com/de-de/windows-server/storage/disk-management/overview-of-disk-management},
	urldate      = {2025-08-27}
}

@online{ms-join-computer-domain,
	organization = {Microsoft Learn},
	title        = {Hinzufügen eines Computers zu einer Domäne},
	date         = {2025-08-16},
	url          = {https://learn.microsoft.com/de-de/windows-server/identity/ad-ds/manage/join-computer-to-domain?tabs=cmd&pivots=windows-server-2022},
	urldate      = {2025-08-27}
}

@online{ms-ntfs-overview,
	organization = {Microsoft Learn},
	title        = {NTFS-Übersicht},
	date         = {2025-08-16},
	url          = {https://learn.microsoft.com/de-de/windows-server/storage/file-server/ntfs-overview},
	urldate      = {2025-08-27}
}

@online{ms-smb-overview,
	organization = {Microsoft Learn},
	title        = {Übersicht über die Dateifreigabe mithilfe des SMB 3-Protokolls in Windows Server},
	date         = {2025-08-02},
	url          = {https://learn.microsoft.com/de-de/windows-server/storage/file-server/file-server-smb-overview},
	urldate      = {2025-08-27}
}

@online{ms-gpo-manage,
	organization = {Microsoft Learn},
	title        = {Verwalten von Gruppenrichtlinien in einer verwalteten Domäne von Microsoft Entra Domain Services},
	date         = {2025-06-29},
	url          = {https://learn.microsoft.com/de-de/entra/identity/domain-services/manage-group-policy},
	urldate      = {2025-08-27}
}

@online{proxmox-virtio,
	title        = {Windows VirtIO Drivers},
	author       = {{Proxmox VE Project}},
	year         = {2024},
	url          = {https://pve.proxmox.com/wiki/Windows_VirtIO_Drivers},
	urldate      = {2025-08-24},
	note         = {Zugriff am 24.08.2025}
}

@book{goedl2024debiangnu,
	author    = {Michael Gödl},
	title     = {Debian GNU/Linux 12},
	subtitle  = {Der umfassende Praxiseinstieg},
	year      = {2024},
	publisher = {mitp Verlag},
	isbn      = {978-3-7475-0769-8}
}

@book{koffer2024linuxumfassend,
	author    = {Michael Kofler},
	title     = {Linux},
	subtitle  = {Das umfassende Handbuch},
	year      = {2024},
	publisher = {Rheinwerk Computing},
	edition   = {18},
	isbn      = {978-3-8362-9620-5}
}

@online{debian-pkg-apt-offline,
	organization  = {The Debian Project},
	title   = {Paket: apt-offline (1.8.6-1)},
	url     = {https://packages.debian.org/trixie/apt-offline},
	urldate = {2025-08-27}
}

@book{kloep2024sicherewindows,
	author    = {Kloep, Peter and Weigel, Karsten},
	title     = {Sichere Windows-Infrastrukturen},
	subtitle  = {Das Handbuch für Administratoren},
	year      = {2023},
	publisher = {Rheinwerk Computing},
	edition   = {2},
	isbn      = {978-3-8362-9249-8}
}

@online{sssd-ad-provider,
	organization  = {The SSSD Project},
	title   = {Joining AD Domain},
	date    = {2024-06-07},
	url     = {https://sssd.io/docs/ad/ad-provider.html},
	urldate = {2025-08-27}
}

@online{sssd-autofs-integration,
	organization  = {The SSSD Project},
	title   = {Using AutoFS with Active Directory},
	date    = {2022-08-26},
	url     = {https://sssd.io/docs/ad/ad-autofs.html},
	urldate = {2025-08-27}
}

@online{ms-resiliency-initiative,
	organization = {{Windows Experience Blog}},
	title        = {The Windows Resiliency Initiative: Building resilience for a future-ready enterprise},
	date         = {2025-06-26},
	url          = {https://blogs.windows.com/windowsexperience/2025/06/26/the-windows-resiliency-initiative-building-resilience-for-a-future-ready-enterprise/},
	urldate      = {2025-08-27}
}

@online{cve-2025-47981,
	organization = {{National Vulnerability Database}},
	title        = {CVE-2025-47981 Detail},
	date         = {2025-07-14},
	url          = {https://nvd.nist.gov/vuln/detail/CVE-2025-47981},
	urldate      = {2025-08-27}
}

@online{redhat_winbind-auth,
	title     = {3.4. Winbind},
	organization = {Red Hat},
	url          = {https://docs.redhat.com/en/documentation/red_hat_enterprise_linux/7/html/system-level_authentication_guide/winbind-auth},
	urldate      = {2025-08-27}
}

@book{wendzel2021sicherheit,
	author = {Wendzel, Steffen},
	title = {IT-Sicherheit für TCP/IP- und IoT-Netzwerke},
	subtitle = {Grundlagen, Konzepte, Protokolle, Härtung},
	year = {2021},
	publisher = {Springer Vieweg},
	isbn = {978-3-658-33423-9},
	doi = {https://doi.org/10.1007/978-3-658-33423-9}
}

@online{ms-ad-funktionslevel,
	organization = {Microsoft Learn},
	title        = {Active Directory Domain Services-Funktionsebenen},
	date		 = {2025-08-16},
	url          = {https://learn.microsoft.com/de-de/windows-server/identity/ad-ds/active-directory-functional-levels},
	urldate      = {2025-08-26},
}
